<record><leader>00000cas a22000007a 4500</leader><controlfield tag="001">9577994</controlfield><controlfield tag="008">830604d19131918wiudr ne      0    0ger d</controlfield><datafield ind1=" " ind2=" " tag="010"><subfield code="a">sn 83045688 </subfield></datafield><datafield ind1=" " ind2=" " tag="040"><subfield code="a">CRL</subfield><subfield code="b">eng</subfield><subfield code="c">CRL</subfield><subfield code="d">NPW</subfield><subfield code="d">NPV</subfield><subfield code="d">CRL</subfield><subfield code="d">OCLCQ</subfield><subfield code="d">OCLCF</subfield><subfield code="d">OCLCO</subfield></datafield><datafield ind1=" " ind2=" " tag="042"><subfield code="a">msc</subfield></datafield><datafield ind1=" " ind2=" " tag="043"><subfield code="a">n-us-wi</subfield></datafield><datafield ind1="0" ind2=" " tag="130"><subfield code="a">Germania-Herold (Milwaukee, Wis. : 1913 : Evening ed.)</subfield></datafield><datafield ind1="1" ind2="0" tag="245"><subfield code="a">Germania-Herold.</subfield></datafield><datafield ind1="3" ind2="0" tag="246"><subfield code="a">Milwaukee-Sonntagspost</subfield></datafield><datafield ind1=" " ind2=" " tag="250"><subfield code="a">Abendblatt.</subfield></datafield><datafield ind1=" " ind2=" " tag="260"><subfield code="a">Milwaukee, Wis. :</subfield><subfield code="b">Germania-Herold Assoc.,</subfield><subfield code="c">-1918.</subfield></datafield><datafield ind1=" " ind2=" " tag="300"><subfield code="a">v.</subfield></datafield><datafield ind1=" " ind2=" " tag="310"><subfield code="a">Daily</subfield></datafield><datafield ind1="1" ind2=" " tag="362"><subfield code="a">Began Jan. 1, 1913?</subfield></datafield><datafield ind1="0" ind2=" " tag="362"><subfield code="a">-Jahrg. 67, no. 246 (25. Mai 1918).</subfield></datafield><datafield ind1=" " ind2=" " tag="500"><subfield code="a">Sunday issues called: Milwaukee-Sonntagspost.</subfield></datafield><datafield ind1=" " ind2=" " tag="515"><subfield code="a">Volume and numbering vary.</subfield></datafield><datafield ind1=" " ind2=" " tag="546"><subfield code="a">In German.</subfield></datafield><datafield ind1=" " ind2=" " tag="580"><subfield code="a">Merger of: Milwaukee Germania Abendpost, and: Milwaukee Herold und Seebote.</subfield></datafield><datafield ind1=" " ind2=" " tag="580"><subfield code="a">Issued also in a morning edition.</subfield></datafield><datafield ind1=" " ind2=" " tag="588"><subfield code="a">Description based on: Jahrg. 1, no. 2 (2. Jan. 1913).</subfield></datafield><datafield ind1=" " ind2="0" tag="650"><subfield code="a">German Americans</subfield><subfield code="z">Wisconsin</subfield><subfield code="z">Milwaukee</subfield><subfield code="v">Newspapers.</subfield></datafield><datafield ind1=" " ind2="4" tag="651"><subfield code="a">Milwaukee (Wis.)</subfield><subfield code="v">Newspapers.</subfield></datafield><datafield ind1=" " ind2="7" tag="655"><subfield code="a">Newspapers.</subfield><subfield code="2">fast</subfield><subfield code="0">(OCoLC)fst01423814</subfield></datafield><datafield ind1=" " ind2="7" tag="650"><subfield code="a">German Americans.</subfield><subfield code="2">fast</subfield><subfield code="0">(OCoLC)fst00941308</subfield></datafield><datafield ind1=" " ind2="7" tag="651"><subfield code="a">Wisconsin</subfield><subfield code="z">Milwaukee.</subfield><subfield code="2">fast</subfield><subfield code="0">(OCoLC)fst01206626</subfield></datafield><datafield ind1=" " ind2=" " tag="752"><subfield code="a">United States</subfield><subfield code="b">Wisconsin</subfield><subfield code="c">Milwaukee</subfield><subfield code="d">Milwaukee.</subfield></datafield><datafield ind1="1" ind2=" " tag="775"><subfield code="t">Germania-Herold (Milwaukee, Wis. : 1913 : Morning ed.)</subfield><subfield code="w">(DLC)sn 87082651</subfield><subfield code="w">(OCoLC)15974135</subfield></datafield><datafield ind1="1" ind2="4" tag="780"><subfield code="t">Milwaukee Germania Abendpost</subfield><subfield code="w">(DLC)sn 87082472</subfield><subfield code="w">(OCoLC)15673014</subfield></datafield><datafield ind1="1" ind2="4" tag="780"><subfield code="t">Milwaukee Herold und Seebote</subfield><subfield code="w">(DLC)sn 87082650</subfield><subfield code="w">(OCoLC)15972919</subfield></datafield><datafield ind1="0" ind2="0" tag="785"><subfield code="t">Milwaukee-Herold (Milwaukee, Wis. : 1918 : Daily)</subfield><subfield code="w">(DLC)sn 87082652</subfield><subfield code="w">(OCoLC)15974549</subfield></datafield></record>